<?xml version="1.0" encoding="UTF-8"?><collection xmlns="http://www.loc.gov/MARC21/slim"><record><leader>00600nam--2200181-u-4500</leader><controlfield tag="001">000056591</controlfield><controlfield tag="002">20161230</controlfield><controlfield tag="005">20161230201052</controlfield><controlfield tag="008">160314s1000------------r-----000-0-eng-d</controlfield><datafield ind1=" " ind2=" " tag="040"><subfield code="a">IFIN-HH</subfield></datafield><datafield ind1=" " ind2=" " tag="080"><subfield code="a">008(063)</subfield></datafield><datafield ind1="1" ind2=" " tag="100"><subfield code="a">Frangopol, P.T</subfield></datafield><datafield ind1="1" ind2="0" tag="245"><subfield code="a">Colaborarea stiintifica Horia Hulubei - Yvette Cauchois si spiritualitatea maramureseana. Masa rotunda, Manastirea Barsana, sambata, 11 iulie 2015</subfield><subfield code="c">P.T. Frangopol, Ioan Ursu (eds.)</subfield></datafield><datafield ind1=" " ind2=" " tag="260"><subfield code="a">Cluj-Napoca</subfield><subfield code="b">Casa Cartii de Stiinta</subfield><subfield code="c">2016</subfield></datafield><datafield ind1=" " ind2=" " tag="300"><subfield code="a">116p</subfield></datafield><datafield ind1="1" ind2=" " tag="700"><subfield code="a">Ursu, Ioan</subfield><subfield code="e">ed</subfield></datafield><datafield ind1=" " ind2=" " tag="852"><subfield code="a">82432</subfield><subfield code="c">92</subfield></datafield><datafield ind1=" " ind2=" " tag="CAT"><subfield code="a">Sys</subfield><subfield code="c">20160317</subfield><subfield code="h">132151</subfield></datafield></record></collection>